%% This BibTeX bibliography file was created using BibDesk.
%% http://bibdesk.sourceforge.net/


%% Created for Jason Laska at 2009-07-01 16:44:36 -0500 


%% Saved with string encoding Western (ASCII) 



@article{jnrbm,
	Date-Added = {2009-06-29 15:04:13 -0500},
	Date-Modified = {2009-07-01 14:17:17 -0500},
	Journal = {{Journal of Negative Results in BioMedicine}},
	Url = {http://www.jnrbm.com/},
	Bdsk-Url-1 = {http://www.jnrbm.com/}}

@article{natureCoping,
	Date-Modified = {2009-07-01 13:57:42 -0500},
	Journal = {Nature},
	Number = 6959,
	Pages = 645,
	Title = {{Coping with peer rejection}},
	Volume = 425,
	Year = 2003}

@article{Mag::1997::Theorems-that,
	Author = {Andy Magid},
	Date-Added = {2009-06-02 22:28:06 -0500},
	Date-Modified = {2009-07-01 13:57:53 -0500},
	Journal = {Notices of the AMS},
	Number = {7},
	Title = {{Theorems that should never have been proven}},
	Volume = {44},
	Year = {1997}}

@article{philica,
	Date-Added = {2009-06-02 22:26:48 -0500},
	Date-Modified = {2009-07-01 14:17:46 -0500},
	Journal = {Philica},
	Url = {http://philica.com/},
	Bdsk-Url-1 = {http://philica.com/}}

@article{stallings,
	Author = {J. Stallings},
	Date-Added = {2009-06-02 22:22:42 -0500},
	Date-Modified = {2009-07-01 16:44:36 -0500},
	Journal = {Topology Seminar Wisconsin, 1965, Annals of Mathematics Studies},
	Pages = {83--88},
	Title = {{How not to prove the {P}oincare conjecture}},
	Url = {http://math.berkeley.edu/~stall/notPC.pdf},
	Volume = 60,
	Year = 1966,
	Bdsk-Url-1 = {http://math.berkeley.edu/~stall/notPC.pdf}}

@url{nodelrejected,
	Author = {J. M. Campanario},
	Date-Added = {2009-06-02 22:20:10 -0500},
	Date-Modified = {2009-06-02 22:33:31 -0500},
	Url = {http://www2.uah.es/jmc/nobel/nobel.html},
	Bdsk-Url-1 = {http://www2.uah.es/jmc/nobel/nobel.html}}

@article{Cam::1996::Have-referees,
	Author = {J. M. Campanario},
	Date-Added = {2009-06-02 22:16:27 -0500},
	Date-Modified = {2009-07-01 14:13:03 -0500},
	Journal = {Journal of the American Society for Information Science},
	Number = {4},
	Pages = {302-310},
	Title = {{Have referees rejected some of the most-cited articles of all times?}},
	Volume = {47},
	Year = {1996}}

@article{barber1961rss,
	Author = {Barber, B.},
	Date-Modified = {2009-07-01 14:00:35 -0500},
	Journal = {Science},
	Number = {3479},
	Pages = {596--602},
	Publisher = {1961 by the American Association for the Advancement of Science},
	Title = {{Resistance by scientists to scientific discovery: This source of resistance has yet to be given the scrutiny accorded religious and ideological sources}},
	Volume = {134},
	Year = {1961}}

@article{Fang05012008,
	Author = {Fang, Ferric C.},
	Date-Modified = {2009-07-01 14:13:14 -0500},
	Doi = {10.1128/IAI.00315-08},
	Eprint = {http://iai.asm.org/cgi/reprint/76/5/1802.pdf},
	Journal = {Infection and Immunity},
	Number = {5},
	Pages = {1802-1803},
	Title = {{On rejection}},
	Url = {http://iai.asm.org},
	Volume = {76},
	Year = {2008},
	Bdsk-Url-1 = {http://iai.asm.org}}
